@Article{CAO,
AUTHOR = {Cao, L. and Platt, U. and Wang, C. and Cao, N. and Qin, Q.},
TITLE = {Numerical Analysis of the Role of Snowpack in the Ozone Depletion Events during the Arctic Spring},
JOURNAL = {Atmospheric Chemistry and Physics Discussions},
VOLUME = {2016},
YEAR = {2014},
PAGES = {1--47},
URL = {https://www.atmos-chem-phys-discuss.net/acp-2016-553/},
DOI = {10.5194/acp-2016-553}
}


@Article{Crowley,
AUTHOR = {Crowley, J. N. and Ammann, M. and Cox, R. A. and Hynes, R. G. and Jenkin, M. E. and Mellouki, A. and Rossi, M. J. and Troe, J. and Wallington, T. J.},
TITLE = {Evaluated kinetic and photochemical data for atmospheric chemistry: Volume V – heterogeneous reactions on solid substrates},
JOURNAL = {Atmospheric Chemistry and Physics},
VOLUME = {10},
YEAR = {2010},
NUMBER = {18},
PAGES = {9059--9223},
URL = {https://www.atmos-chem-phys.net/10/9059/2010/},
DOI = {10.5194/acp-10-9059-2010}
}


@article{Daniel,
author = {Daniel, S. J. and Fleming, L. E. and W. Portmann, R and Velders, Guus J. M. and Jackman, Charles and Ravishankara, A.R.},
year = {2010},
month = {08},
title = {Options to accelerate ozone recovery: ozone and climate benefits},
volume = {10},
journal = {Atmospheric Chemistry and Physics},
doi = {10.5194/acp-10-7697-2010}
}

@article{Flanner,
author = {Flanner, M. G.},
title = {Arctic climate sensitivity to local black carbon},
journal = {Journal of Geophysical Research: Atmospheres},
volume = {118},
number = {4},
pages = {1840-1851},
keywords = {Arctic, black carbon, regional climate sensitivity, efficacy},
doi = {10.1002/jgrd.50176},
url = {https://agupubs.onlinelibrary.wiley.com/doi/abs/10.1002/jgrd.50176},
year = {2013}
}

@article {Foster2001,
author = {Foster, K. L. and Plastridge, R. A. and Bottenheim, J. W. and Shepson, P. B. and Finlayson-Pitts, B. J. and Spicer, C. W.},
title = {The Role of Br2 and BrCl in Surface Ozone Destruction at Polar Sunrise},
volume = {291},
number = {5503},
pages = {471--474},
year = {2001},
doi = {10.1126/science.291.5503.471},
publisher = {American Association for the Advancement of Science},
issn = {0036-8075},
URL = {http://science.sciencemag.org/content/291/5503/471},
journal = {Science}
}

@article{GUICHERIT,
title = "Tropospheric ozone trends",
journal = "Chemosphere - Global Change Science",
volume = "2",
number = "2",
pages = "167 - 183",
year = "2000",
issn = "1465-9972",
doi = "https://doi.org/10.1016/S1465-9972(00)00008-8",
url = "http://www.sciencedirect.com/science/article/pii/S1465997200000088",
author = "Guicherit, R. and Roemer, M.",
}

@article{Huff,
author = {Huff, A. K. and Abbatt, J. P. D.},
title = {Gas-Phase Br2 Production in Heterogeneous Reactions of Cl2, HOCl, and BrCl with Halide−Ice Surfaces},
journal = {The Journal of Physical Chemistry A},
volume = {104},
number = {31},
pages = {7284-7293},
year = {2000},
doi = {10.1021/jp001155w}
}

@article{Kaleschke,
author = {Kaleschke, L. and Richter, A. and Burrows, J. and Afe, O. and Heygster, G. and Notholt, J. and Rankin, A. M. and Roscoe, H. K. and Hollwedel, J. and Wagner, T. and Jacobi, H.-W.},
title = {Frost flowers on sea ice as a source of sea salt and their influence on tropospheric halogen chemistry},
journal = {Geophysical Research Letters},
volume = {31},
number = {16},
pages = {},
doi = {10.1029/2004GL020655},
url = {https://agupubs.onlinelibrary.wiley.com/doi/abs/10.1029/2004GL020655},
year = {2004}
}

@article{Lacis,
author = {Lacis, A. A. and Wuebbles, D. J. and Logan, J. A.},
title = {Radiative forcing of climate by changes in the vertical distribution of ozone},
journal = {Journal of Geophysical Research: Atmospheres},
volume = {95},
number = {D7},
pages = {9971-9981},
doi = {10.1029/JD095iD07p09971},
url = {https://agupubs.onlinelibrary.wiley.com/doi/abs/10.1029/JD095iD07p09971},
year = {1990}
}


@article{Shindell2007,
author = {Shindell, D.},
title = {Local and remote contributions to Arctic warming},
journal = {Geophysical Research Letters},
volume = {34},
number = {14},
pages = {},
keywords = {Arctic, climate, pollutants},
doi = {10.1029/2007GL030221},
url = {https://agupubs.onlinelibrary.wiley.com/doi/abs/10.1029/2007GL030221},
year = {2007}
}


@article{Liang2010,
author = {Q, Liang and Stolarski, R. and Kawa, S. and Nielsen, J. and Douglass, A. and Rodriguez, J. and Blake, D and Atlas, Elliot and Ott, L.},
year = {2010},
pages = {},
title = {Finding the missing stratospheric Bry: A global modeling study of CHBr3 and CH2Br2},
volume = {10},
journal = {Atmospheric Chemistry and Physics},
doi = {10.5194/acp-10-2269-2010}
}

@Article{Parella,
AUTHOR = {Parrella, J. P. and Jacob, D. J. and Liang, Q. and Zhang, Y. and Mickley, L. J. and Miller, B. and Evans, M. J. and Yang, X. and Pyle, J. A. and Theys, N. and Van Roozendael, M.},
TITLE = {Tropospheric bromine chemistry: implications for present and pre-industrial ozone and mercury},
JOURNAL = {Atmospheric Chemistry and Physics},
VOLUME = {12},
YEAR = {2012},
NUMBER = {15},
PAGES = {6723--6740},
URL = {https://www.atmos-chem-phys.net/12/6723/2012/},
DOI = {10.5194/acp-12-6723-2012}
}

@article{Parrish2009,
author = {Parrish, D. and Millet, D. and H. Goldstein, A},
year = {2009},
month = {02},
pages = {},
title = {Increasing ozone in marine boundary layer inflow at the west coasts of North America and Europe},
volume = {9},
journal = {Atmospheric Chemistry and Physics},
doi = {10.5194/acp-9-1303-2009}
}

@article{Parrish2014,
author = {Parrish, D. D. and Lamarque, J.F. and Naik, V. and Horowitz, L. and Shindell, D. T. and Staehelin, J. and Derwent, R. and Cooper, O. R. and Tanimoto, H. and Volz-Thomas, A. and Gilge, S. and Scheel, H.-E. and Steinbacher, M. and Fröhlich, M.},
title = {Long-term changes in lower tropospheric baseline ozone concentrations: Comparing chemistry-climate models and observations at northern midlatitudes},
journal = {Journal of Geophysical Research: Atmospheres},
volume = {119},
number = {9},
pages = {5719-5736},
keywords = {ozone, trends, baseline, chemistry-climate models, observations, comparison},
doi = {10.1002/2013JD021435},
url = {https://agupubs.onlinelibrary.wiley.com/doi/abs/10.1002/2013JD021435},
year = {2014}
}

@article{Rankin,
author = {Rankin, A. M. and Wolff, E. W. and Martin, S.},
title = {Frost flowers: Implications for tropospheric chemistry and ice core interpretation},
journal = {Journal of Geophysical Research: Atmospheres},
volume = {107},
number = {D23},
keywords = {frost flowers, ice cores, aerosol, sea salt, tropospheric ozone},
doi = {10.1029/2002JD002492},
url = {https://agupubs.onlinelibrary.wiley.com/doi/abs/10.1029/2002JD002492},
year = {2002}
}

@article{Shaw,
author = {Shaw, P. M. and Russell, L. M. and Jefferson, A. and Quinn, P. K.},
title = {Arctic organic aerosol measurements show particles from mixed combustion in spring haze and from frost flowers in winter},
journal = {Geophysical Research Letters},
volume = {37},
number = {10},
pages = {},
keywords = {organic aerosol, frost flower, air-sea exchange},
doi = {10.1029/2010GL042831},
url = {https://agupubs.onlinelibrary.wiley.com/doi/abs/10.1029/2010GL042831},
year = {2010}
}

@Article{Sherwen,
AUTHOR = {Sherwen, T. and Evans, M. J. and Carpenter, L. J. and Schmidt, J. A. and Mickley, L. J.},
TITLE = {Halogen chemistry reduces tropospheric O$_3$ radiative forcing},
JOURNAL = {Atmospheric Chemistry and Physics},
VOLUME = {17},
YEAR = {2017},
NUMBER = {2},
PAGES = {1557--1569},
URL = {https://www.atmos-chem-phys.net/17/1557/2017/},
DOI = {10.5194/acp-17-1557-2017}
}

@article{Simpson2015,
author = {Simpson, W. R. and Brown, S. S. and Saiz-Lopez, A. and Thornton, J. A. and von Glasow, R.},
title = {Tropospheric Halogen Chemistry: Sources, Cycling, and Impacts},
journal = {Chemical Reviews},
volume = {115},
number = {10},
pages = {4035-4062},
year = {2015},
doi = {10.1021/cr5006638},
    note ={PMID: 25763598}
}

@article{Schmidt,
author = {Schmidt, J. A. and Jacob, D. J. and Horowitz, H. M. and Hu, L. and Sherwen, T. and Evans, M. J. and Liang, Q. and Suleiman, R. M. and Oram, D. E. and Le Breton, M. and Percival, C. J. and Wang, S. and Dix, B. and Volkamer, R.},
title = {Modeling the observed tropospheric BrO background: Importance of multiphase chemistry and implications for ozone, OH, and mercury},
journal = {Journal of Geophysical Research: Atmospheres},
volume = {121},
number = {19},
pages = {11,819-11,835},
doi = {10.1002/2015JD024229},
url = {https://agupubs.onlinelibrary.wiley.com/doi/abs/10.1002/2015JD024229},
year = {2016}
}

@thesis{Susanne, 
author = {Foldvik, S.}, 
title = {Implementing halogen chemistry in the marine boundary layer in the Arctic into the CTM3}, 
year = {2017},
school = {University of Oslo},
month = 9
}


@Article{Falk,
AUTHOR = {Falk, S. and Sinnhuber, B. M.},
TITLE = {Polar boundary layer bromine explosion and ozone depletion events in
the chemistry--climate model EMAC v2.52: implementation and evaluation of AirSnow algorithm},
JOURNAL = {Geoscientific Model Development},
VOLUME = {11},
YEAR = {2018},
NUMBER = {3},
PAGES = {1115--1131},
URL = {https://www.geosci-model-dev.net/11/1115/2018/},
DOI = {10.5194/gmd-11-1115-2018}
}


@article{Simpson2018,
author = {Simpson, W. R. and Frieß, U. and Thomas, J. L. and Lampel, J. and Platt, U.},
title = {Polar Nighttime Chemistry Produces Intense Reactive Bromine Events},
journal = {Geophysical Research Letters},
volume = {45},
number = {18},
pages = {9987-9994},
keywords = {halogens, chemistry, polar, atmospheric, nocturnal, snowpack},
doi = {10.1029/2018GL079444},
url = {https://agupubs.onlinelibrary.wiley.com/doi/abs/10.1029/2018GL079444},
year = {2018}
}


@Article{ziska,
AUTHOR = {Ziska, F. and Quack, B. and Abrahamsson, K. and Archer, S. D. and Atlas, E. and Bell, T. and Butler, J. H. and Carpenter, L. J. and Jones, C. E. and Harris, N. R. P. and Hepach, H. and Heumann, K. G. and Hughes, C. and Kuss, J. and Kr\"uger, K. and Liss, P. and Moore, R. M. and Orlikowska, A. and Raimund, S. and Reeves, C. E. and Reifenh\"auser, W. and Robinson, A. D. and Schall, C. and Tanhua, T. and Tegtmeier, S. and Turner, S. and Wang, L. and Wallace, D. and Williams, J. and Yamamoto, H. and Yvon-Lewis, S. and Yokouchi, Y.},
TITLE = {Global sea-to-air flux climatology for bromoform, dibromomethane and methyl iodide},
JOURNAL = {Atmospheric Chemistry and Physics},
VOLUME = {13},
YEAR = {2013},
NUMBER = {17},
PAGES = {8915--8934},
URL = {https://www.atmos-chem-phys.net/13/8915/2013/},
DOI = {10.5194/acp-13-8915-2013}
}


@Article{Toyota,
AUTHOR = {Toyota, K. and McConnell, J. C. and Staebler, R. M. and Dastoor, A. P.},
TITLE = {Air–snowpack exchange of bromine, ozone and mercury in the springtime Arctic simulated by the 1-D model PHANTAS; Part 1: In-snow bromine activation and its impact on ozone},
JOURNAL = {Atmospheric Chemistry and Physics},
VOLUME = {14},
YEAR = {2014},
NUMBER = {8},
PAGES = {4101--4133},
URL = {https://www.atmos-chem-phys.net/14/4101/2014/},
DOI = {10.5194/acp-14-4101-2014}
}

@manual{SovdeManual, 
AUTHOR = {Søvde, O. A.},
EDITION = {v1.0},
MONTH = {02},
YEAR = {2018},
ORGANIZATION = {CICERO Center for International Climate Research},
TITLE = {Oslo CTM3 User Manual}
}

@manual{cdo, 
AUTHOR = {Schulzweida, U.},
EDITION = {v1.9.8},
MONTH = {10},
YEAR = {2019},
ORGANIZATION = {MPI for Meteorology},
TITLE = {CDO User Guide}
}

@article{oltmans1986surface,
  author = {Oltmans, S. J. and Komhyr, W. D.},
  year = {1986},
  title = {Surface ozone distributions and variations from 1973–1984: Measurements at the NOAA Geophysical Monitoring for Climatic Change Baseline Observatories},
  journal = {Journal of Geophysical Research: Atmospheres},
  publisher = {Wiley Online Library},
  issn = {0148-0227},
  doi = {10.1029/JD091iD04p05229},
  volume = {91},
  pages = {5229--5236},
  number = {D4},
  url = {https://doi.org/10.1029/JD091iD04p05229},
}

@article{bottenheim1986measurements,
  author = {Bottenheim, J. W. and Gallant, A. G. and Brice, K. A.},
  year = {1986},
  title = {Measurements of NOY species and O3 at 82$^o$ N latitude},
  journal = {Geophysical Research Letters},
  publisher = {Wiley Online Library},
  issn = {1944-8007},
  doi = {10.1029/GL013i002p00113},
  volume = {13},
  pages = {113--116},
  number = {2},
  url = {https://doi.org/10.1029/GL013i002p00113},
}

@article{barrie,
  author = {Barrie, L. A. and Bottenheim, J. W. and Schnell, R. C. and Crutzen, P. J. and Rasmussen, R. A.},
  year = {1988},
  title = {Ozone destruction and photochemical reactions at polar sunrise in the lower Arctic atmosphere},
  journal = {Nature},
  doi = {10.1038/334138a0},
  volume = {334},
  pages = {138--141 },
  url = {https://doi.org/10.1038/334138a0},
}

@article{søvde2008evaluation,
  author = {Søvde, O. A. and Gauss, M. and Smyshlyaev, S. P. and Isaksen, I. S. A.},
  year = {2008},
  title = {Evaluation of the chemical transport model Oslo CTM2 with focus on arctic winter ozone depletion},
  journal = {Journal of Geophysical Research: Atmospheres (1984–2012)},
  publisher = {Wiley Online Library},
  issn = {2156-2202},
  doi = {10.1029/2007JD009240},
  volume = {113},
  month = {05},
  number = {D9},
  url = {https://doi.org/10.1029/2007JD009240}
}

@article{GRANFORS2013124,
title = "Biogenic halocarbons in young Arctic sea ice and frost flowers",
journal = "Marine Chemistry",
volume = "155",
pages = "124 - 134",
year = "2013",
issn = "0304-4203",
doi = "https://doi.org/10.1016/j.marchem.2013.06.002",
url = "http://www.sciencedirect.com/science/article/pii/S0304420313001242",
author = "Granfors, A. and Andersson, M. and Chierici, M. and Fransson, A. and Gårdfeldt, K. and Torstensson, A. and Wulff, A. and Abrahamsson, K."
}

@article{Zhao2016,
author = {Zhao, X. and Strong, K. and Adams, C. and Schofield, R. and Yang, X. and Richter, A. and Friess, U. and Blechschmidt, A.-M. and Koo, J.-H.},
title = {A case study of a transported bromine explosion event in the Canadian high arctic},
journal = {Journal of Geophysical Research: Atmospheres},
volume = {121},
number = {1},
pages = {457-477},
keywords = {bromine explosion, blowing snow, boundary layer},
doi = {10.1002/2015JD023711},
url = {https://agupubs.onlinelibrary.wiley.com/doi/abs/10.1002/2015JD023711},
year = {2016}
}

@article{Sovde2012,
author = {Søvde, O. A. and Prather, M. and Isaksen, I. S. A. and Berntsen, T. and Stordal, F. and Zhu, X and Holmes, C. D. and Hsu, J.},
year = {2012},
month = {11},
pages = {1441-1469},
title = {The chemical transport model Oslo CTM3},
volume = {5},
journal = {Geoscientific Model Development},
doi = {10.5194/gmd-5-1441-2012}
}


@Article{ZIEMKE2019,
AUTHOR = {Ziemke, J. R. and Oman, L. D. and Strode, S. A. and Douglass, A. R. and Olsen, M. A. and McPeters, R. D. and Bhartia, P. K. and Froidevaux, L. and Labow, G. J. and Witte, J. C. and Thompson, A. M. and Haffner, D. P. and Kramarova, N. A. and Frith, S. M. and Huang, L.-K. and Jaross, G. R. and Seftor, C. J. and Deland, M. T. and Taylor, S. L.},
TITLE = {Trends in global tropospheric ozone inferred from a composite record of
TOMS/OMI/MLS/OMPS satellite measurements and the MERRA-2 GMI simulation},
JOURNAL = {Atmospheric Chemistry and Physics},
VOLUME = {19},
YEAR = {2019},
NUMBER = {5},
PAGES = {3257--3269},
URL = {https://www.atmos-chem-phys.net/19/3257/2019/},
DOI = {10.5194/acp-19-3257-2019}
}

@article{mills2018,
  author = {Mills, Gina and Sharps, Katrina and Simpson, David and Pleijel, Håkan and Frei, Michael and Burkey, Kent and Emberson, Lisa and Uddling, Johan and Broberg, Malin and Feng, Zhaozhong and Kobayashi, Kazuhiko and Agrawal, Madhoolika},
  year = {2018},
  title = {Closing the global ozone yield gap: Quantification and cobenefits for multistress tolerance},
  journal = {Global Change Biology},
  publisher = {Wiley Online Library},
  issn = {1354-1013},
  doi = {10.1111/gcb.14381},
  volume = {24},
  month = {10},
  pages = {4869--4893},
  number = {10},
  url = {https://doi.org/10.1111/gcb.14381}
}

@Article{Bowman2013,
AUTHOR = {Bowman, K. W. and Shindell, D. T. and Worden, H. M. and Lamarque, J. F. and Young, P. J. and Stevenson, D. S. and Qu, Z. and de la Torre, M. and Bergmann, D. and Cameron-Smith, P. J. and Collins, W. J. and Doherty, R. and Dals{\o}ren, S. B. and Faluvegi, G. and Folberth, G. and Horowitz, L. W. and Josse, B. M. and Lee, Y. H. and MacKenzie, I. A. and Myhre, G. and Nagashima, T. and Naik, V. and Plummer, D. A. and Rumbold, S. T. and Skeie, R. B. and Strode, S. A. and Sudo, K. and Szopa, S. and Voulgarakis, A. and Zeng, G. and Kulawik, S. S. and Aghedo, A. M. and Worden, J. R.},
TITLE = {Evaluation of ACCMIP outgoing longwave radiation from tropospheric ozone using TES satellite observations},
JOURNAL = {Atmospheric Chemistry and Physics},
VOLUME = {13},
YEAR = {2013},
NUMBER = {8},
PAGES = {4057--4072},
URL = {https://www.atmos-chem-phys.net/13/4057/2013/},
DOI = {10.5194/acp-13-4057-2013}
}

@article{Levy1971,
	author = {Levy, H.},
	title = {Normal Atmosphere: Large Radical and Formaldehyde Concentrations Predicted},
	volume = {173},
	number = {3992},
	pages = {141--143},
	year = {1971},
	doi = {10.1126/science.173.3992.141},
	publisher = {American Association for the Advancement of Science},
	issn = {0036-8075},
	URL = {https://science.sciencemag.org/content/173/3992/141},
	journal = {Science}
}

@article{Tuckermann1997, 
    author = {Tuckermann, M. and Ackermann, R. and Gölz, C. and Lorenzen-Schmidt, H. and Senne, T. and Stutz, J. and Trost, B. and Unold, W. and Platt, U.},
    title = {DOAS-observation of halogen radical-catalysed arctic boundary layer ozone destruction during the ARCTOC-campaigns 1995 and 1996 in Ny-Ålesund, Spitsbergen},
    journal = {Tellus B},
    volume = {49},
    number = {5},
    pages = {533-555},
    doi = {10.1034/j.1600-0889.49.issue5.9.x},
    url = {https://onlinelibrary.wiley.com/doi/abs/10.1034/j.1600-0889.49.issue5.9.x},
    year = {1997}
}



@misc{ESRL,
  author = {NOAA ESRL, NOAA Earth System Research Laboratory},
  title = {Arctic Data and Web Applications},
  howpublished = {\url{https://www.esrl.noaa.gov/psd/arctic/data}},
  note = {ESRL Physical Sciences Division},
  date = {2019-10-09}
}

@misc{EBAS,
  author = {NILU, Norwegian Institute for Air Research},
  title = {Database},
  howpublished = {\url{http://ebas.nilu.no}},
  date = {2019-10-09}
}

@misc{NOAA, 
author = {NOAA},
title = {National Oceanic and Atmospheric Administration Database},
howpublished ={\url{ftp://aftp.cmdl.noaa.gov/data/ozwv/SurfaceOzone/}},
date = {2020-02-12}
}


@article{Toom-Sauntry,
title = "Chemical composition of snowfall in the high Arctic: 1990–1994",
journal = "Atmospheric Environment",
volume = "36",
number = "15",
pages = "2683 - 2693",
year = "2002",
note = "Air/Snow/Ice Interactions in the Arctic: Results from ALERT 2000 and SUMMIT 2000",
issn = "1352-2310",
doi = "https://doi.org/10.1016/S1352-2310(02)00115-2",
url = "http://www.sciencedirect.com/science/article/pii/S1352231002001152",
author = "Toom-Sauntry, D. and Barrie, L. A.",
keywords = "Snow chemistry, Arctic, Organic acids, Aerosols, Tropospheric chemistry, Sea salt"
}

@article{hopper1998ozone,
  author = {Hopper, J. F. and Barrie, L. A. and Silis, A. and Hart, W. and Gallant, A. J. and Dryfhout, H.},
  year = {1998},
  title = {Ozone and meteorology during the 1994 Polar Sunrise Experiment},
  journal = {Journal of Geophysical Research: Atmospheres},
  publisher = {Wiley Online Library},
  issn = {0148-0227},
  doi = {10.1029/97JD02888},
  volume = {103},
  month = {01},
  pages = {1481--1492},
  number = {D1},
  url = {https://doi.org/10.1029/97JD02888}
}


@article {Raso10053,
	author = {Raso, A. R. W. and Custard, K. D. and May, N. W. and Tanner, D. and Newburn, M. K. and Walker, L. and Moore, R. J. and Huey, L. G. and Alexander, L. and Shepson, P. B. and Pratt, K. A.},
	title = {Active molecular iodine photochemistry in the Arctic},
	volume = {114},
	number = {38},
	pages = {10053--10058},
	year = {2017},
	doi = {10.1073/pnas.1702803114},
	publisher = {National Academy of Sciences},
	issn = {0027-8424},
	URL = {https://www.pnas.org/content/114/38/10053},
	journal = {Proceedings of the National Academy of Sciences}
}

@misc{Sander,
author = {Sander, S. P. and Abbatt, J. and Barker, J. and Burkholder, J.B. and Friedl, R. R. and Golden, D. M. and Huie, R. and Kurylo, M. and Moortgat, G. and Orkin, V. and Wine, P.},
year = {2011},
month = {06},
pages = {},
title = {Chemical Kinetics and Photochemical Data for Use in Atmospheric Studies, Evaluation No. 17}
}


@article{Hesstvedt1978,
author = {Hesstvedt, E. and Hov, Ö. and Isaksen, I. S. A.},
title = {Quasi-steady-state approximations in air pollution modeling: Comparison of two numerical schemes for oxidant prediction},
journal = {International Journal of Chemical Kinetics},
volume = {10},
number = {9},
pages = {971-994},
doi = {10.1002/kin.550100907},
url = {https://onlinelibrary.wiley.com/doi/abs/10.1002/kin.550100907},
year = {1978}
}

@article{schwartz1986,
author = {Schwartz, S.},
year = {1986},
pages = {},
title = {Mass-Transport Considerations Pertinent to Aqueous Phase Reactions of Gases in Liquid-Water Clouds},
doi = {10.1007/978-3-642-70627-1_16}
}

@book{Jacob1999, 
author = {Jacob, D.}, 
title = {Introduction to Atmospheric Chemistry}, 
year = 1999, 
publisher = {Princeton University Press}, 
isbn = {978-0-691-00185-2}}

@article{Hanson1994,
author = {Hanson, D. R. and Ravishankara, A. R. and Solomon, S.},
title = {Heterogeneous reactions in sulfuric acid aerosols: A framework for model calculations},
journal = {Journal of Geophysical Research: Atmospheres},
volume = {99},
number = {D2},
pages = {3615-3629},
doi = {10.1029/93JD02932},
url = {https://agupubs.onlinelibrary.wiley.com/doi/abs/10.1029/93JD02932},
year = {1994}
}


@article{Sander2015,
author = {Sander, R.},
title = {Compilation of Henry’s law constants (version 4.0) for
water as solvent},
journal = {Atmospheric Chemistry and Physics},
volume = {15},
pages = {4399–4981},
doi = {10.5194/acp-15-4399-2015},
url = {www.atmos-chem-phys.net/15/4399/2015/},
year = {2015}
}

@book{SeinfeldSpyros, 
title = {Atmospheric Chemistry and Physics},
author = {Seinfeld, J. H. and Pandis, S. N.},
year = {2016},
month = {04},
publisher = {Wiley},
edition = {3},
isbn ={978-1-118-94740-1}
}


@article{JPL,
title = {Chemical Kinetics and Photochemical Data for Use in Atmospheric Studies}, 
author = {Sander, S. P. and Finlayson-Pitts, B. J. and Friedl, R. R. and    Golden, D. M. and Huie, R. E. and Keller-Rudek, H. and Kolb, C. E. and Kurylo, M. J. and Molina, M. J. and Moortgat, G. K. and Orkin, V. L. and Ravishankara, A. R. and Wine, P. H.},
year = {2006},
url = {http://jpldataeval.jpl.nasa.gov/},
note = {Evaluation No. 15, Tech. Rep. 06-2, Jet Propulsion Laboratory, Pasadena},
journal = {California Institute of Technology}
}

@Article{Quinn2008,
AUTHOR = {Quinn, P. K. and Bates, T. S. and Baum, E. and Doubleday, N. and Fiore, A. M. and Flanner, M. and Fridlind, A. and Garrett, T. J. and Koch, D. and Menon, S. and Shindell, D. and Stohl, A. and Warren, S. G.},
TITLE = {Short-lived pollutants in the Arctic: their climate impact and possible mitigation strategies},
JOURNAL = {Atmospheric Chemistry and Physics},
VOLUME = {8},
YEAR = {2008},
NUMBER = {6},
PAGES = {1723--1735},
URL = {https://www.atmos-chem-phys.net/8/1723/2008/},
DOI = {10.5194/acp-8-1723-2008}
}

@article{CHEN2019,
title = "Investigation of distribution, transportation, and impact factors of atmospheric black carbon in the Arctic region based on a regional climate-chemistry model",
journal = "Environmental Pollution",
pages = "113127",
year = "2019",
issn = "0269-7491",
doi = "https://doi.org/10.1016/j.envpol.2019.113127",
url = "http://www.sciencedirect.com/science/article/pii/S0269749119319530",
author = "Chen, X. and Kang, S. and Yang, J."
}

@book{AMAP2015,
title = {AMAP Assessment 2015: Black carbon and ozone as Arctic climate forcers},
author = {AMAP},
year = {2015},
ISBN = {978-82-7971-092-9},
month = {11},
publisher = {Arctic Monitoring and Assessment Programme (AMAP)}
}

@Article{Sherwen2017,
AUTHOR = {Sherwen, T. and Evans, M. J. and Carpenter, L. J. and Schmidt, J. A. and Mickley, L. J.},
TITLE = {Halogen chemistry reduces tropospheric O$_3$ radiative forcing},
JOURNAL = {Atmospheric Chemistry and Physics},
VOLUME = {17},
YEAR = {2017},
NUMBER = {2},
PAGES = {1557--1569},
URL = {https://www.atmos-chem-phys.net/17/1557/2017/},
DOI = {10.5194/acp-17-1557-2017}
}

@article{Cadle1970,
 ISSN = {00368075, 10959203},
 URL = {http://www.jstor.org/stable/1729084},
 author = {Cadle, R. D. and Allen, E. R.},
 journal = {Science},
 number = {3916},
 pages = {243--249},
 publisher = {American Association for the Advancement of Science},
 title = {Atmospheric Photochemistry},
 volume = {167},
 year = {1970}
}

@Article{Falk_2019,
AUTHOR = {Falk, S. and Søvde, O. A.},
TITLE = {Update and evaluation of the ozone dry deposition in Oslo CTM3 v1.0},
JOURNAL = {Geoscientific Model Development},
VOLUME = {12},
YEAR = {2019},
NUMBER = {11},
PAGES = {4705--4728},
URL = {https://www.geosci-model-dev.net/12/4705/2019/},
DOI = {10.5194/gmd-12-4705-2019}
}


@book{Curci_AirPollution,
title = {Air Pollution - Monitoring, Modelling, Health and Control},
author = {Curci, G},
editor = {Mukesh Kare},
chapter = {7},
year = {2012},
ISBN = {978-953-51-6162-2},
DOI = {10.5772/2526},
month = {04},
publisher = {InTech}
}

@article{Peterson2019,
author = {Peterson, P. and Hartwig, M. and May, N. and Schwartz, E. and Rigor, I. and Ermold, W. and Steele, M. and Morison, J. and Nghiem, S. and Pratt, K.},
year = {2019},
pages = {14},
title = {Snowpack measurements suggest role for multi-year sea ice regions in Arctic atmospheric bromine and chlorine chemistry},
volume = {7},
journal = {Elem Sci Anth},
doi = {10.1525/elementa.352}
}

@Article{Simpson2017,
AUTHOR = {Simpson, W. R. and Peterson, P. K. and Frie{\ss}, U. and Sihler, H. and Lampel, J. and Platt, U. and Moore, C. and Pratt, K. and Shepson, P. and Halfacre, J. and Nghiem, S. V.},
TITLE = {Horizontal and vertical structure of reactive bromine events probed by bromine monoxide MAX-DOAS},
JOURNAL = {Atmospheric Chemistry and Physics},
VOLUME = {17},
YEAR = {2017},
NUMBER = {15},
PAGES = {9291--9309},
URL = {https://www.atmos-chem-phys.net/17/9291/2017/},
DOI = {10.5194/acp-17-9291-2017}
}

@Article{Cao2016Discussion,
AUTHOR = {Cao, L. and Platt, U. and Wang, C. and Cao, N. and Qin, Q.},
TITLE = {Numerical Analysis of the Role of Snowpack in the Ozone Depletion Events during the Arctic Spring},
JOURNAL = {Atmospheric Chemistry and Physics Discussions},
VOLUME = {2016},
YEAR = {2016},
PAGES = {1--47},
URL = {https://www.atmos-chem-phys-discuss.net/acp-2016-553/},
DOI = {10.5194/acp-2016-553}
}

@Article{Herrmann2019,
AUTHOR = {Herrmann, M. and Cao, L. and Sihler, H. and Platt, U. and Gutheil, E.},
TITLE = {On the contribution of chemical oscillations to ozone depletion events in the polar spring},
JOURNAL = {Atmospheric Chemistry and Physics},
VOLUME = {19},
YEAR = {2019},
NUMBER = {15},
PAGES = {10161--10190},
URL = {https://www.atmos-chem-phys.net/19/10161/2019/},
DOI = {10.5194/acp-19-10161-2019}
}

@article{Oltmans1981, 
  author = {Oltmans, S. J.}, 
  title = {{Surface ozone measurements in clean air}}, 
  issn = {0148-0227}, 
  doi = {10.1029/JC086iC02p01174}, 
  pages = {1174--1180}, 
  number = {C2}, 
  volume = {86}, 
  journal = {Journal of Geophysical Research: Oceans}, 
  year = {1981}
}


@article{Shindel2006,
author = {Shindell, D. and Faluvegi, G. and Lacis, A. and Hansen, J. and Ruedy, R. and Aguilar, E.},
title = {Role of tropospheric ozone increases in 20th-century climate change},
journal = {Journal of Geophysical Research: Atmospheres},
volume = {111},
number = {D8},
pages = {},
keywords = {tropospheric ozone, climate, Arctic},
doi = {10.1029/2005JD006348},
url = {https://agupubs.onlinelibrary.wiley.com/doi/abs/10.1029/2005JD006348},
year = {2006}
}

@misc{TerjePersonal, 
author = {Berntsen, T. K.},
date = {2020},
howpublished = {Personal communication},
note = {Professor, Section for Meteorology and Oceanography, University of Oslo}
}

@misc{StefaniePersonal, 
author = {Falk, S.},
date = {2020},
howpublished = {Personal communication},
note = {Postdoctoral Fellow, Section for Meteorology and Oceanography, University of Oslo}
}

@misc{RagnhildPersonal, 
author = {Skeie, R. B.},
date = {2020-02-04},
howpublished = {Personal communication}, 
note = {Senior Researcher, CICERO Center for International Climate Research}
}

@book{AtmModFund,
title = {Fundamentals of atmospheric modelling},
author = {Jacobson, M. Z.},
year = {2005},
publisher = {Cambridge University Press},
edition = {Second edition}
}

@misc{FastJX, 
author = {Prather, M},
year = {2012},
title={Fast-JX version 6.7c},
howpublished ={ftp://halo.ess.uci.edu/public/prather/Fast-J/}
}

@article{BARRIE1986643,
title = "Arctic air pollution: An overview of current knowledge",
journal = "Atmospheric Environment (1967)",
volume = "20",
number = "4",
pages = "643 - 663",
year = "1986",
note = "First International Conference on Atmospheric Sciences and Applications to Air Quality",
issn = "0004-6981",
doi = "https://doi.org/10.1016/0004-6981(86)90180-0",
url = "http://www.sciencedirect.com/science/article/pii/0004698186901800",
author = "Barrie, L. A."
}

@article{WangJacob1998,
author = {Wang, Y. and Jacob, D. J.},
title = {Anthropogenic forcing on tropospheric ozone and OH since preindustrial times},
journal = {Journal of Geophysical Research: Atmospheres},
volume = {103},
number = {D23},
pages = {31123-31135},
doi = {10.1029/1998JD100004},
url = {https://agupubs.onlinelibrary.wiley.com/doi/abs/10.1029/1998JD100004},
year = {1998}
}

@article{Levy2008,
author = {Levy, H. and Schwarzkopf, M. D. and Horowitz, L. and Ramaswamy, V. and Findell, K. L.},
title = {Strong sensitivity of late 21st century climate to projected changes in short-lived air pollutants},
journal = {Journal of Geophysical Research: Atmospheres},
volume = {113},
number = {D6},
pages = {},
keywords = {climate change, pollution, aerosols},
doi = {10.1029/2007JD009176},
url = {https://agupubs.onlinelibrary.wiley.com/doi/abs/10.1029/2007JD009176},
year = {2008}
}

@Article{shindell2003,
AUTHOR = {Shindell, D. T. and Faluvegi, G. and Bell, N.},
TITLE = {Preindustrial-to-present-day radiative forcing by tropospheric ozone from improved simulations with the GISS chemistry-climate GCM},
JOURNAL = {Atmospheric Chemistry and Physics},
VOLUME = {3},
YEAR = {2003},
NUMBER = {5},
PAGES = {1675--1702},
URL = {https://www.atmos-chem-phys.net/3/1675/2003/},
DOI = {10.5194/acp-3-1675-2003}
}

@incollection{IPCCchapter8,
author = {Myhre, G. and D. Shindell and F.-M. Bréon and W. Collins and J. Fuglestvedt and J. Huang and D. Koch and J.-F. Lamarque and D. Lee, B. Mendoza and T. Nakajima and A. Robock and G. Stephens and T. Takemura and H. Zhan}, 
title = {Anthropogenic and Natural Radiative Forcing. },
booktitle = {Climate Change 2013: The Physical Science Basis. Contribution of Working Group I to the Fifth Assessment Report of the Intergovernmental Panel on Climate Change},
year = {2013},
chapter = {8},
pages = {661-684},
publisher = {Cambridge University Press},
adress = {Cambridge, UK and New York, USA}
}

@article{MYHRE2011387,
title = "Radiative forcing due to changes in ozone and methane caused by the transport sector",
journal = "Atmospheric Environment",
volume = "45",
number = "2",
pages = "387 - 394",
year = "2011",
issn = "1352-2310",
doi = "https://doi.org/10.1016/j.atmosenv.2010.10.001",
url = "http://www.sciencedirect.com/science/article/pii/S1352231010008629",
author = "Myhre, G. and Shine, K.P. and Rädel, G. and Gauss, M. and Isaksen, I. S. A. and Tang, Q. and Prather, M. J. and Williams, J. E. and van Velthoven, P. and Dessens, O. and Koffi, B. and Szopa, S. and Hoor, P. and Grewe, V. and Borken-Kleefeld, J. and Berntsen, T. K. and Fuglestvedt, J. S."
}

@article{Myhre1997,
author = {Myhre, G. and Stordal, F.},
title = {Role of spatial and temporal variations in the computation of radiative forcing and GWP},
journal = {Journal of Geophysical Research: Atmospheres},
volume = {102},
number = {D10},
pages = {11181-11200},
doi = {10.1029/97JD00148},
url = {https://agupubs.onlinelibrary.wiley.com/doi/abs/10.1029/97JD00148},
year = {1997}
}

@article{Stamnes1988,
author = {Stamnes, K. and Tsay, S and Wiscombe, W. and Jayaweera, K},
year = {1988},
month = {06},
pages = {2502-9},
title = {Numerically stable algorithm for discrete-ordinate-method radiative transfer in multiple scattering and emitting layered media},
volume = {27},
journal = {Applied optics}
}

@article{Samset2011,
author = {Samset, B. H. and Myhre, G.},
title = {Vertical dependence of black carbon, sulphate and biomass burning aerosol radiative forcing},
journal = {Geophysical Research Letters},
volume = {38},
number = {24},
pages = {},
keywords = {aerosol, biomass burning, black carbon, radiative forcing, sulphate, vertical distribution},
doi = {10.1029/2011GL049697},
url = {https://agupubs.onlinelibrary.wiley.com/doi/abs/10.1029/2011GL049697},
year = {2011}
}


@misc{abel, 
title = {Abel computer cluster},
author = {UiO},
howpublished = {\url{https://www.uio.no/english/services/it/research/hpc/abel/}},
date = {2020-02-12}
}

@misc{saga,
title = {Saga},
author = {Sigma2},
howpublished = {\url{https://documentation.sigma2.no/quick/saga.html}},
date = {2020-02-12}
}

@article{Luo2018,
author = {Luo, Y. and Si, F. and Zhou, H. and Dou, K. and Liu, Y. and Liu, W.},
year = {2018},
pages = {9789-9801},
title = {Observations and source investigations of the boundary layer bromine monoxide (BrO) in the Ny-Ålesund Arctic},
volume = {18},
journal = {Atmospheric Chemistry and Physics},
doi = {10.5194/acp-18-9789-2018}
}

@book{Liou_AtmRad,
author = {Liou, K. N.},
year = {2002},
title = {An Introduction to Atmospheric Radiation},
edition = {Second edition},
publisher = {Academic Press}
}


@book{graedel1993,
title = {Atmospheric Change: An Earth System Perspective},
authour = {Graedel, T. E. and Crutzen, P. J.},
edition = {Second edition},
year = {1993},
publisher = {W.H. Freeman and Co.}
}



@article{FinlaysonPitts2010,
author = {Finlayson-Pitts, B. J.},
title = {Halogens in the Troposphere},
journal = {Analytical Chemistry},
volume = {82},
number = {3},
pages = {770-776},
year = {2010},
doi = {10.1021/ac901478p},
note ={PMID: 20041651},
URL = {https://doi.org/10.1021/ac901478p}
}

@article{Liao2011,
author = {Liao, J. and Sihler, H. and Huey, L. and Neuman, J. and Tanner, D. and Frieß, U. and Platt, U. and Flocke, F. and Orlando, J. and Shepson, P. and Beine, H. and Weinheimer, A.},
year = {2011},
month = {01},
pages = {},
title = {A comparison of Arctic BrO measurements by chemical ionization mass spectrometry and long path-differential optical absorption spectroscopy},
volume = {116},
journal = {Journal of Geophysical Research},
doi = {10.1029/2010JD014788}
}

@article {Prather2008,
	author = {Prather, M. J. and Zhu, X. and Strahan, S. E. and Steenrod, S. D. and Rodriguez, J. M.},
	title = {Quantifying errors in trace species transport modeling},
	volume = {105},
	number = {50},
	pages = {19617--19621},
	year = {2008},
	doi = {10.1073/pnas.0806541106},
	publisher = {National Academy of Sciences},
	issn = {0027-8424},
	URL = {https://www.pnas.org/content/105/50/19617},
	journal = {Proceedings of the National Academy of Sciences}
}

@article{Simpson2005,
author = {Simpson, W. R. and Alvarez-Aviles, L. and Douglas, T. A. and Sturm, M. and Domine, F.},
title = {Halogens in the coastal snow pack near Barrow, Alaska: Evidence for active bromine air-snow chemistry during springtime},
journal = {Geophysical Research Letters},
volume = {32},
number = {4},
pages = {},
doi = {10.1029/2004GL021748},
url = {https://agupubs.onlinelibrary.wiley.com/doi/abs/10.1029/2004GL021748},
year = {2005}
}


@article{Quack2003,
author = {Quack, B. and Wallace, D. W. R.},
title = {Air-sea flux of bromoform: Controls, rates, and implications},
journal = {Global Biogeochemical Cycles},
volume = {17},
number = {1},
pages = {},
doi = {10.1029/2002GB001890},
url = {https://agupubs.onlinelibrary.wiley.com/doi/abs/10.1029/2002GB001890},
year = {2003}
}


@Article{Hossaini2013,
AUTHOR = {Hossaini, R. and Mantle, H. and Chipperfield, M. P. and Montzka, S. A. and Hamer, P. and Ziska, F. and Quack, B. and Kr\"uger, K. and Tegtmeier, S. and Atlas, E. and Sala, S. and Engel, A. and B\"onisch, H. and Keber, T. and Oram, D. and Mills, G. and Ord\'o\~nez, C. and Saiz-Lopez, A. and Warwick, N. and Liang, Q. and Feng, W. and Moore, F. and Miller, B. R. and Mar\'ecal, V. and Richards, N. A. D. and Dorf, M. and Pfeilsticker, K.},
TITLE = {Evaluating global emission inventories of biogenic bromocarbons},
JOURNAL = {Atmospheric Chemistry and Physics},
VOLUME = {13},
YEAR = {2013},
NUMBER = {23},
PAGES = {11819--11838},
URL = {https://www.atmos-chem-phys.net/13/11819/2013/},
DOI = {10.5194/acp-13-11819-2013}
}

@Article{Thomas2012,
AUTHOR = {Thomas, J. L. and Dibb, J. E. and Huey, L. G. and Liao, J. and Tanner, D. and Lefer, B. and von Glasow, R. and Stutz, J.},
TITLE = {Modeling chemistry in and above snow at Summit, Greenland – Part 2: Impact of  snowpack chemistry on the oxidation capacity of the boundary  layer},
JOURNAL = {Atmospheric Chemistry and Physics},
VOLUME = {12},
YEAR = {2012},
NUMBER = {14},
PAGES = {6537--6554},
URL = {https://www.atmos-chem-phys.net/12/6537/2012/},
DOI = {10.5194/acp-12-6537-2012}
}

@Article{Thomas2011,
AUTHOR = {Thomas, J. L. and Stutz, J. and Lefer, B. and Huey, L. G. and Toyota, K. and Dibb, J. E. and von Glasow, R.},
TITLE = {Modeling chemistry in and above snow at Summit, Greenland – Part 1:  Model description and results},
JOURNAL = {Atmospheric Chemistry and Physics},
VOLUME = {11},
YEAR = {2011},
NUMBER = {10},
PAGES = {4899--4914},
URL = {https://www.atmos-chem-phys.net/11/4899/2011/},
DOI = {10.5194/acp-11-4899-2011}
}

@Article{Lund2018,
AUTHOR = {Lund, M. T. and Myhre, G. and Haslerud, A. S. and Skeie, R. B. and Griesfeller, J. and Platt, S. M. and Kumar, R. and Myhre, C. L. and Schulz, M.},
TITLE = {Concentrations and radiative forcing of anthropogenic aerosols from 1750 to 2014 simulated with the Oslo CTM3 and CEDS emission inventory},
JOURNAL = {Geoscientific Model Development},
VOLUME = {11},
YEAR = {2018},
NUMBER = {12},
PAGES = {4909--4931},
URL = {https://www.geosci-model-dev.net/11/4909/2018/},
DOI = {10.5194/gmd-11-4909-2018}
}

@Article{Guenther2012,
AUTHOR = {Guenther, A. B. and Jiang, X. and Heald, C. L. and Sakulyanontvittaya, T. and Duhl, T. and Emmons, L. K. and Wang, X.},
TITLE = {The Model of Emissions of Gases and Aerosols from Nature version 2.1 (MEGAN2.1): an extended and updated framework for modeling biogenic emissions},
JOURNAL = {Geoscientific Model Development},
VOLUME = {5},
YEAR = {2012},
NUMBER = {6},
PAGES = {1471--1492},
URL = {https://www.geosci-model-dev.net/5/1471/2012/},
DOI = {10.5194/gmd-5-1471-2012}
}

@Article{McClure_Begley_NOAA,
AUTHOR = {McClure-Begley, A. and Petropavlovskikh, I. and Oltmans, S. and NOAA ESRL},
YEAR = {2013},
TITLE = {Earth System ResearchLaboratory Ozone Water Vapor Group Surface Ozone Measurements, Version 1},
JOURNAL = {NOAA National Centers for Environmental Information},
DOI = {10.7289/V57P8WBF},
NOTE = {Accessed: 2020-02-27}
}

@article{Tarasick2019,
    author       = {Tarasick, D. and Galbally, I. E. and Cooper, O. R. and Schultz, M. G. and Ancellet, G. and Leblanc, T. and Wallington, T. J. and Ziemke, J. and Liu, X. and Steinbacher, M. and Staehelin, J. and Vigouroux, C. and Hannigan, J. W. and García, O. and Foret, G. and Zanis, P. and Weatherhead, E. and Petropavlovskikh, I. and Worden, H. and Osman, M. and Liu, J. and Chang, K.-L. and Gaudel, A. and Lin, M. and Granados-Muñoz, M. and Thompson, A. M. and Oltmans, S. J. and Cuesta, J. and Dufour, G. and Thouret, V. and Hassler, B. and Trickl, T. and Neu, J. L.},
    year         = {2019},
    title        = {Tropospheric Ozone Assessment Report: Tropospheric ozone from 1877 to 2016, observed levels, trends and uncertainties},
    volume       = {7},
    number       = {1},
    pages        = {39},
    journal      = {Elementa},
    doi          = {10.1525/elementa.376},
    issn         = {2325-1026},
    note         = {12.03.01; LK 01}
}

@article{Young2018,
author = {Young, P. and Naik, V. and Fiore, A. and Gaudel, A. and Guo, J. and Lin, M. and Neu, J. and Parrish, D. and Rieder, H. and Schnell, J. and Tilmes, S. and Wild, O. and Zhang, L. and Ziemke, J. and Brandt, J. and Delcloo, A. and Doherty, R. and Geels, C. and Hegglin, M. and Lewis, A.},
year = {2018},
month = {01},
pages = {},
title = {Tropospheric Ozone Assessment Report: Assessment of global-scale model performance for global and regional ozone distributions, variability, and trends},
volume = {6},
journal = {Elem Sci Anth},
doi = {10.1525/elementa.265}
}

@article{Gaudel2018,
author = {Gaudel, A. and Cooper, O. and Ancellet, G. and Brice, B. and Boynard, A. and Burrows, J. and Clerbaux, C. and Coheur, P. and Cuesta, J. and Cuevas, E. and Doniki, S. and Dufour, G. and Ebojie, F. and Foret, G. and García, O. and Muños, M. and Hannigan, J. and Hase, F. and Huang, G. and Ziemke, J.},
year = {2018},
month = {05},
pages = {39},
title = {Tropospheric Ozone Assessment Report: Present-day distribution and trends of tropospheric ozone relevant to climate and global atmospheric chemistry model evaluation},
volume = {6},
journal = {Elem Sci Anth},
doi = {10.1525/elementa.291}
}

@article{Yong2018,
author = {Young, P. and Naik, V. and Fiore, A. and Gaudel, A. and Guo, J. and Lin, M. and Neu, J. and Parrish, D. and Rieder, H. and Schnell, J. and Tilmes, S. and Wild, O. and Zhang, L. and Ziemke, J. and Brandt, J. and Delcloo, A. and Doherty, R. and Geels, C. and Hegglin, M. and Lewis, A.},
year = {2018},
month = {01},
pages = {},
title = {Tropospheric Ozone Assessment Report: Assessment of global-scale model performance for global and regional ozone distributions, variability, and trends},
volume = {6},
journal = {Elem Sci Anth},
doi = {10.1525/elementa.265}
}

@article{MARSH1985,
title = "The dissociation constant and Henry's law constant of HCl in aqueous solution",
journal = "Atmospheric Environment (1967)",
volume = "19",
number = "7",
pages = "1075 - 1080",
year = "1985",
issn = "0004-6981",
doi = "https://doi.org/10.1016/0004-6981(85)90192-1",
url = "http://www.sciencedirect.com/science/article/pii/0004698185901921",
author = "Marsh, A. R. W. and McElroy, W. J."
}

@book{dean1999,
  title={Lange's Handbook of Chemistry},
  author={Dean, J. A. and Lange, N. A.},
  isbn={0-07-016384-7},
  year={1999},
  edition=15,
  publisher={McGraw-Hill}
}

@Article{Wang_2019,
AUTHOR = {Wang, X. and Jacob, D. J. and Eastham, S. D. and Sulprizio, M. P. and Zhu, L. and Chen, Q. and Alexander, B. and Sherwen, T. and Evans, M. J. and Lee, B. H. and Haskins, J. D. and Lopez-Hilfiker, F. D. and Thornton, J. A. and Huey, G. L. and Liao, H.},
TITLE = {The role of chlorine in global tropospheric chemistry},
JOURNAL = {Atmospheric Chemistry and Physics},
VOLUME = {19},
YEAR = {2019},
NUMBER = {6},
PAGES = {3981--4003},
URL = {https://www.atmos-chem-phys.net/19/3981/2019/},
DOI = {10.5194/acp-19-3981-2019}
}


@article{Sander1996,
author = {Sander, R. and Crutzen, P. J.},
title = {Model study indicating halogen activation and ozone destruction in polluted air masses transported to the sea},
journal = {Journal of Geophysical Research: Atmospheres},
volume = {101},
number = {D4},
pages = {9121-9138},
doi = {10.1029/95JD03793},
url = {https://agupubs.onlinelibrary.wiley.com/doi/abs/10.1029/95JD03793},
year = {1996}
}


@Article{deiber_2004,
AUTHOR = {Deiber, G. and George, Ch. and Le Calv\'e, S. and Schweitzer, F. and Mirabel, Ph.},
TITLE = {Uptake study of ClONO$_{2}$ and BrONO$_{2}$ by Halide containing droplets},
JOURNAL = {Atmospheric Chemistry and Physics},
VOLUME = {4},
YEAR = {2004},
NUMBER = {5},
PAGES = {1291--1299},
URL = {https://www.atmos-chem-phys.net/4/1291/2004/},
DOI = {10.5194/acp-4-1291-2004}
}


@article{Hossaini2016_chlorine,
author = {Hossaini, R. and Chipperfield, M. P. and Saiz-Lopez, A. and Fernandez, R. and Monks, S. and Feng, W. and Brauer, P. and von Glasow, R.},
title = {A global model of tropospheric chlorine chemistry: Organic versus inorganic sources and impact on methane oxidation},
journal = {Journal of Geophysical Research: Atmospheres},
volume = {121},
number = {23},
pages = {14,271-14,297},
keywords = {chlorine, Cl atoms, methane, VSLS, troposphere, sea salt},
doi = {10.1002/2016JD025756},
url = {https://agupubs.onlinelibrary.wiley.com/doi/abs/10.1002/2016JD025756},
year = {2016}
}

@article{Lelieveld1991TheRO,
  title={The role of clouds in tropospheric photochemistry},
  author={Lelieveld, J. and Crutzen. P. J.},
  journal={Journal of Atmospheric Chemistry},
  year={1991},
  volume={12},
  pages={229-267}
}

@article{Flanner2013,
author = {Flanner, M. G.},
title = {Arctic climate sensitivity to local black carbon},
journal = {Journal of Geophysical Research: Atmospheres},
volume = {118},
number = {4},
pages = {1840-1851},
keywords = {Arctic, black carbon, regional climate sensitivity, efficacy},
doi = {10.1002/jgrd.50176},
url = {https://agupubs.onlinelibrary.wiley.com/doi/abs/10.1002/jgrd.50176},
year = {2013}
}

@unknown{Galbally2013,
author = {Galbally, I. and Schultz, M. and Buchmann, B. and Gilge, S. and Guenther, F. and Koide, H. and Oltmans, S. and Patrick, L. and Scheel, H.-E and Smit, H. and Steinbacher, M. and Steinbrecht, W. and Tarasova, O. and Viallon, J. and Volz-Thomas, A. and Weber, M. and Wielgosz, R. and Zellweger, C.},
year = {2013},
title = {Guidelines for Continuous Measurement of Ozone in the Troposphere},
doi = {10.13140/RG.2.2.34971.87845}
}

@article{Shindell2009,
author = {Shindell,  D. and Faluvegi, G.},
year = {2009},
pages = {294-300},
title = {Climate response to regional radiative forcing during the twentieth century},
volume = {2},
journal = {Nature Geoscience},
doi = {10.1038/ngeo473}
}

@Article{Murray2014,
AUTHOR = {Murray, L. T. and Mickley, L. J. and Kaplan, J. O. and Sofen, E. D. and Pfeiffer, M. and Alexander, B.},
TITLE = {Factors controlling variability in the oxidative capacity of the troposphere since the Last Glacial Maximum},
JOURNAL = {Atmospheric Chemistry and Physics},
VOLUME = {14},
YEAR = {2014},
NUMBER = {7},
PAGES = {3589--3622},
URL = {https://www.atmos-chem-phys.net/14/3589/2014/},
DOI = {10.5194/acp-14-3589-2014}
}


@article{JACOB20002131,
title = "Heterogeneous chemistry and tropospheric ozone",
journal = "Atmospheric Environment",
volume = "34",
number = "12",
pages = "2131 - 2159",
year = "2000",
issn = "1352-2310",
doi = "https://doi.org/10.1016/S1352-2310(99)00462-8",
url = "http://www.sciencedirect.com/science/article/pii/S1352231099004628",
author = "Jacob, D. J."
}

@incollection{DAVIES2018,
title = "Chapter 13 - Heterogeneous Reactions in Aerosol",
editor = "Faust, J. A. and House, J. E.",
booktitle = "Physical Chemistry of Gas-Liquid Interfaces",
publisher = "Elsevier",
pages = "403 - 433",
year = "2018",
series = "Developments in Physical \& Theoretical Chemistry",
isbn = "978-0-12-813641-6",
doi = "https://doi.org/10.1016/B978-0-12-813641-6.00013-3",
url = "http://www.sciencedirect.com/science/article/pii/B9780128136416000133",
author = "James F. Davies and Kevin R. Wilson"
}

@article{Sillmann1990,
author = {Sillman, S. and Logan, J. A. and Wofsy, S.},
issn = {0148-0227},
journal = {Journal of Geophysical Research: Atmospheres},
pages = {1837--1851},
volume = {95},
number = {D2},
year = {1990},
title = {The sensitivity of ozone to nitrogen oxides and hydrocarbons in regional ozone episodes}
}

@article{Zeng2006,
author = {Zeng, T. and Wang, Y. and Chance, K. and Blake, N. and Blake, D. and Ridley, B.},
year = {2006},
month = {09},
pages = {},
title = {Halogen-driven low-altitude O3 and hydrocarbon losses in spring at northern high latitudes},
volume = {111},
journal = {Journal of Geophysical Research},
doi = {10.1029/2005JD006706}
}

@article{Hausmann1994,
issn = {0148-0227},
journal = {Journal of Geophysical Research: Atmospheres},
pages = {25399--25413},
volume = {99},
number = {D12},
year = {1994},
title = {Spectroscopic measurement of bromine oxide and ozone in the high Arctic during Polar Sunrise Experiment 1992},
author = {Hausmann, M. and Platt, U.}
}


@article{Peterson2016,
author = {Peterson, P. and Simpson, W. and Nghiem, S.},
year = {2016},
title = {Variability of Bromine Monoxide at Barrow, Alaska Over Four Halogen Activation (March-May) Seasons and at Two On-Ice Locations},
volume = {121},
journal = {Journal of Geophysical Research: Atmospheres},
doi = {10.1002/2015JD024094}
}

@article{Peterson2015,
author = {Peterson, P. and Simpson, W and Pratt, K and Shepson, P. and Frieß, U. and Zielcke, J. and Platt, U. and Walsh, S and Nghiem, S},
year = {2015},
pages = {1-19},
title = {Dependence of the vertical distribution of bromine monoxide in the lower troposphere on meteorological factors such as wind speed and stability},
volume = {15},
journal = {Atmospheric Chemistry and Physics},
doi = {10.5194/acp-15-2119-2015}
}

@article{Papanastasiou2013,
author = {Papanastasiou, D. and McKeen, S. and Burkholder, J.},
year = {2013},
pages = {32963-32988},
title = {The very short-lived ozone depleting substance CHBr3 (bromoform): revised UV absorption spectrum, atmospheric lifetime and ozone depletion potential},
volume = {13},
journal = {Atmospheric Chemistry and Physics Discussions},
doi = {10.5194/acpd-13-32963-2013}
}

@article{Liao2014,
issn = {1752-0894},
journal = {Nature Geoscience},
pages = {91},
volume = {7},
publisher = {Nature Publishing Group},
number = {2},
year = {2014},
title = {High levels of molecular chlorine in the Arctic atmosphere},
author = {Liao, J. and Huey, G. L. and Liu, Z. and Tanner, D. J.  and Cantrell, C. A. and Orlando, J. J. and Flocke, F. M. and Shepson, P. B. and Weinheimer, A. J. and Hall, S. R. and Ullmann, K. and Beine, H. J. and Wang, Y. and Ingall, E. D. and Stephens,  C. R. and Hornbrook, R. S. and Apel,  E. C. and Riemer, D. and Fried, A. and Mauldin Iii,  R. L. and Smith, J. N. and Staebler, R. M. and Neuman, J. A. and Nowak, J. B.},
keywords = {Geology;},
}


@Article{Ordonez2012,
AUTHOR = {Ord\'o\~nez, C. and Lamarque, J.-F. and Tilmes, S. and Kinnison, D. E. and Atlas, E. L. and Blake, D. R. and Sousa Santos, G. and Brasseur, G. and Saiz-Lopez, A.},
TITLE = {Bromine and iodine chemistry in a global chemistry-climate model: description and evaluation of very short-lived oceanic sources},
JOURNAL = {Atmospheric Chemistry and Physics},
VOLUME = {12},
YEAR = {2012},
NUMBER = {3},
PAGES = {1423--1447},
URL = {https://www.atmos-chem-phys.net/12/1423/2012/},
DOI = {10.5194/acp-12-1423-2012}
}

@article{Warwick2006,
issn = {0148-0227},
journal = {Journal of Geophysical Research: Atmospheres},
volume = {111},
number = {D24},
year = {2006},
title = {Global modeling of biogenic bromocarbons},
author = {Warwick, N. J. and Pyle, J. A. and Carver, G. D. and Yang, X. and Savage, N. H. and O' Connor, F. M. and Cox, R. A.}
}

